<?xml version="1.0" encoding="UTF-8"?><collection><record><leader>07674ntm a2200565 a 4500</leader><controlfield tag="001">006835287</controlfield><controlfield tag="003">MiAaHDL</controlfield><controlfield tag="005">20190719000000.0</controlfield><controlfield tag="006">m        d        </controlfield><controlfield tag="007">cr bn ---auaua</controlfield><controlfield tag="008">090707s1640    xx            00| ||ara d</controlfield><datafield tag="035" ind1=" " ind2=" "><subfield code="a">(MiU)006835287</subfield></datafield><datafield tag="035" ind1=" " ind2=" "><subfield code="a">sdr-miu006835287</subfield></datafield><datafield tag="040" ind1=" " ind2=" "><subfield code="a">MiU</subfield><subfield code="c">MiU</subfield><subfield code="e">amremm</subfield></datafield><datafield tag="043" ind1=" " ind2=" "><subfield code="a">n-us-mi</subfield></datafield><datafield tag="100" ind1="0" ind2=" "><subfield code="6">880-01</subfield><subfield code="a">Ḥarīrī,</subfield><subfield code="d">1054-1122.</subfield></datafield><datafield tag="245" ind1="1" ind2="0"><subfield code="6">880-02</subfield><subfield code="a">[Sharḥ Mulḥat al-iʻrāb,</subfield><subfield code="f">1050, i.e. 1640].</subfield></datafield><datafield tag="260" ind1=" " ind2=" "><subfield code="c">[1640].</subfield></datafield><datafield tag="300" ind1=" " ind2=" "><subfield code="a">91 leaves :</subfield><subfield code="b">paper ;</subfield><subfield code="c">213 x 140 (150 x 80) mm. bound to 213 x 143 mm.</subfield></datafield><datafield tag="500" ind1=" " ind2=" "><subfield code="a">Shelfmark: Ann Arbor, University of Michigan, Special Collections Library, Isl. Ms. 1035</subfield></datafield><datafield tag="500" ind1=" " ind2=" "><subfield code="a">Origin: As appears in colophon on fol.90b, copied by Ibn Khayr al-Dīn Shāh Mīr Fatḥ Allāh Yaḥyá al-Ḥusaynī [?] (entered over expunged writing). Transcription finished ("fa-qad faragha min taswīd hādhā al-kitāb...") Wednesday, 20 or 24 Rabīʻ I 1050 [ca. 10 or 14 July 1640]. Scribal verses "كتبتك يا كتاب ولست ادري اذا ما مت من يقرأك بعدي صديقي ام حبيبي ام عدوي فسبحان الذي بالغيب يدري" flank colophon.</subfield></datafield><datafield tag="500" ind1=" " ind2=" "><subfield code="a">Former shelfmark: Mich. Isl. Ms. temp. no. 184</subfield></datafield><datafield tag="500" ind1=" " ind2=" "><subfield code="a">Binding: Pasteboards covered green paper with red leather over spine and board edges / turn-ins ; Type III binding (without flap) ; boards unlined, exposed boards in a light lavender color, each with a portion of a printed label in gold, blue, and white Ottoman design in an inner or outer corner ; the boards were likely taken from a larger piece of material with this label (reused / recycled), the larger piece being divided into four with two pieces each being used to fashion the boards, carrying portions of the label with them ; former owners' inscriptions on interior of upper cover (exposed board) ; overall in somewhat poor condition with upper and lower covers detaching from spine (more pronounced with lower cover).</subfield></datafield><datafield tag="500" ind1=" " ind2=" "><subfield code="a">Support: European laid paper with evenly spaced single chain lines running horizontally and spaced roughly 29 mm. apart ; laid lines running vertically and spaced roughly 9 laid lines per cm.</subfield></datafield><datafield tag="500" ind1=" " ind2=" "><subfield code="a">Decoration: Keywords, section headings and abbreviation symbols (mainly two-teeth stroke over some keywords) rubricated ; textual dividers in the form of inverted commas, three dots, numeral khamsah, etc. in black or red ; occasional overlining in red.</subfield></datafield><datafield tag="500" ind1=" " ind2=" "><subfield code="a">Script: Naskh ; mainly an elegant Persianate or Iraqi hand ; essentially serifless with slight effect of words descending to baseline, kāf mashqūqah preferred (even final kāf), pointing in distinct or conjonied dots, curvilinear descenders ; headings and poetic verses being commented upon are in a much heavier, slightly larger script ; partially vocalized throughout.</subfield></datafield><datafield tag="500" ind1=" " ind2=" "><subfield code="a">Layout: Written in 15 lines per page ; mainly single column, divided to two columns where poetic verses are transcribed ; frame-ruled (impression of ruling board evident).</subfield></datafield><datafield tag="500" ind1=" " ind2=" "><subfield code="a">Collation: 3 IV (24), II (28), I (30), I+2 (34), III+1 (41), II(45), 5 IV (85), I (87), II (91) ; mainly quinions ; lacuna of fol.46b (p.92) marked "صحيح" ; catchwords present for certain sections of text only, elsewhere cut off or simply lacking ; pagination in pencil, Western numerals.</subfield></datafield><datafield tag="500" ind1=" " ind2=" "><subfield code="a">Colophon: "Scribal," triangular, reads: "فقد فرغ من تسويد هذا الكتاب في يوم الاربع [كذا] عشرون من شهر ربيع الاول سنة الف وخمسين [؟] الهجرية النبوية عليه افضل الصلوات واكمل التحية على يد اقل عباد الله تراب اقدام المؤمنين ابن خير الدين شاه مير فتح الله يحيى الحسيني [؟] عفي عنهم امين"</subfield></datafield><datafield tag="500" ind1=" " ind2=" "><subfield code="a">Explicit: "فتثقل الكلمة فلاجل ذلك اعدلوا الى الفتحة التي هي اخف الحركات فاعرف ذلك وقد تضمنت [كذا] ملحة الاعراب مودعة بدائع الآداب فانظر اليها نظر المستحسنين وحسن الظن بها واحسن وان تجد عيبا فسد الخللا فجل من لا فيه عيب وعلا والحمد لله على ما اولى فنعم ما اولى ونعم المولى ثم الصلوة بعد حمد الصمد على النبي المصطفى محمد واله وصحبه الاخيار والقانتين في الدجى الابرار"</subfield></datafield><datafield tag="500" ind1=" " ind2=" "><subfield code="a">Incipit: "اقول من بعد افتتاح القول بحمد ذي الطول شديد الحول وبعده فافضل السلام على النبي سيد الانام واله الاطهار ... الحد ما يمنع المحدود من الخروج عن ما حد به ويمنع غيره من الدخول فيه ومنه اشتقاق حدود الدار والحد لغة المنع ومنه سمي البواب حدادا لمنعه الطارق من الدخول"</subfield></datafield><datafield tag="500" ind1=" " ind2=" "><subfield code="a">Title supplied by cataloguer.</subfield></datafield><datafield tag="500" ind1=" " ind2=" "><subfield code="a">Ms. codex.</subfield></datafield><datafield tag="510" ind1="4" ind2=" "><subfield code="a">Ḥājjī Khalīfah. Kashf al-ẓunūn,</subfield><subfield code="c">2/1817.</subfield></datafield><datafield tag="510" ind1="4" ind2=" "><subfield code="a">Brockelmann, C. GAL,</subfield><subfield code="c">I 277 ; S I 488</subfield></datafield><datafield tag="520" ind1="8" ind2=" "><subfield code="a">al-Ḥarīrī's (d.516/1122) didactic urjūzah on grammar, accompanied by commentary. Final folio bears a brief excerpt from al-ʻAwāmil al-miʼah, or Miʼat ʻāmil, the popular grammar manual of ʻAbd al-Qāhir al-Jurjānī (d.1078?).</subfield></datafield><datafield tag="538" ind1=" " ind2=" "><subfield code="a">Mode of access: Internet.</subfield></datafield><datafield tag="541" ind1=" " ind2=" "><subfield code="c">Purchase;</subfield><subfield code="a">Purchased in Egypt by Mr. Sulaiman;</subfield><subfield code="d">Received: 10/17/1968;</subfield><subfield code="e">(Sulaiman 690713-156)</subfield></datafield><datafield tag="546" ind1=" " ind2=" "><subfield code="a">Arabic.</subfield></datafield><datafield tag="561" ind1=" " ind2=" "><subfield code="a">Several ownership marks on inner upper cover, fol.1a-b and elsewhere, some illegible or simply obliterated, including ownership statement on interior of upper cover in black ink in name of Mehmet Sait Efendizade Abdüssamet [?] (محمد سعيد افندى زاده عبد الصمد / Muḥammad Saʻīd Afandīʻzādah ʻAbd al-Ṣamad ) director of waqfs in Karbalāʼ, inscription reads "كيف اقول ملكي ولله ملك السموات والأرض وانا الفقير الحقير اليه عز شانه المرحوم المبرور الشيخ محمد سعيد افندي زاده عبد الصمد [؟] المدير باوقاف لواء كربلاء المعلاء عفي عنهما" accompanied by circular seal impression and followed by book price ; partially obliterated statement of purchase on fol.1a accompanied by rectangular seal impression reads "بسم الله ... الكتاب بالبيع الصحيح الشرعي الى يد اقل الخليقة ابن محمد حسين التبريزي "; small oval seal impression on fol.1b, difficult to make out ; on fol.90b, an oval seal impression reads "عبده محمد ۱۲۲٥[؟]" ; many glosses ; occasional marginal corrections for omissions, variants, etc.</subfield></datafield><datafield tag="600" ind1="0" ind2="0"><subfield code="a">Ḥarīrī,</subfield><subfield code="d">1054-1122.</subfield><subfield code="t">Mulḥat al-iʻrāb.</subfield></datafield><datafield tag="650" ind1=" " ind2="0"><subfield code="a">Manuscripts, Arabic</subfield><subfield code="z">Michigan</subfield><subfield code="z">Ann Arbor.</subfield></datafield><datafield tag="650" ind1=" " ind2="0"><subfield code="a">Arabic language</subfield><subfield code="x">Grammar</subfield><subfield code="v">Early works to 1800.</subfield></datafield><datafield tag="700" ind1="0" ind2=" "><subfield code="6">880-08</subfield><subfield code="a">Mehmet Sait Efendizade Abdüssamet,</subfield><subfield code="e">former owner.</subfield></datafield><datafield tag="700" ind1="0" ind2=" "><subfield code="6">880-04</subfield><subfield code="a">Ibn Khayr al-Dīn Shāh Mīr Fatḥ Allāh Yaḥyá al-Ḥusaynī,</subfield><subfield code="d">fl. 1640,</subfield><subfield code="e">scribe.</subfield></datafield><datafield tag="773" ind1="0" ind2=" "><subfield code="a">Sulaiman Purchase Collection.</subfield></datafield><datafield tag="880" ind1="0" ind2=" "><subfield code="6">700-08/</subfield><subfield code="a">محمد سعيد بن عبد الصمد,</subfield><subfield code="e">مالك سابق.</subfield></datafield><datafield tag="880" ind1="0" ind2=" "><subfield code="6">700-04/</subfield><subfield code="a">ابن خير الدين شاه مير فتح الله يحيى الحسيني،</subfield><subfield code="e">ناسخ.</subfield></datafield><datafield tag="880" ind1="1" ind2="0"><subfield code="6">245-02/</subfield><subfield code="a">[شرح ملحة الاعراب,</subfield><subfield code="f">1050ه, 1640م].</subfield></datafield><datafield tag="880" ind1="0" ind2=" "><subfield code="6">100-01/</subfield><subfield code="a">حريري.</subfield></datafield><datafield tag="CID" ind1=" " ind2=" "><subfield code="a">006835287</subfield></datafield><datafield tag="DAT" ind1="0" ind2=" "><subfield code="a">20190719102641.0</subfield><subfield code="b">20190719000000.0</subfield></datafield><datafield tag="DAT" ind1="1" ind2=" "><subfield code="a">20190719090653.0</subfield><subfield code="b">2019-07-19T16:12:14Z</subfield></datafield><datafield tag="DAT" ind1="2" ind2=" "><subfield code="a">2015-10-10T18:00:06Z</subfield></datafield><datafield tag="CAT" ind1=" " ind2=" "><subfield code="a">SDR-MIU</subfield><subfield code="d">EX LIBRIS - ALEPH</subfield><subfield code="l">prepare.pl-004-008</subfield></datafield><datafield tag="FMT" ind1=" " ind2=" "><subfield code="a">BK</subfield></datafield><datafield tag="HOL" ind1=" " ind2=" "><subfield code="0">sdr-miu006835287</subfield><subfield code="a">MiU</subfield><subfield code="b">SDR</subfield><subfield code="c">MIU</subfield><subfield code="p">mdp.39015079132224</subfield><subfield code="s">MIU</subfield><subfield code="1">006835287</subfield></datafield><datafield tag="974" ind1=" " ind2=" "><subfield code="b">MIU</subfield><subfield code="c">MIU</subfield><subfield code="d">20190719</subfield><subfield code="s">lit-dlps-dc</subfield><subfield code="u">mdp.39015079132224</subfield><subfield code="y">1640</subfield><subfield code="r">pd</subfield><subfield code="q">bib</subfield><subfield code="t">non-US bib date1 &lt; 1896</subfield></datafield></record></collection>